@book{moraes2020,
	author = {Moraes, Manoel},
	title = {Tecnologia e Sociedade},
	year = {2020},
	edition = {2},
	address = {São Paulo},
	publisher = {Editora Acadêmica}
}

@article{silva2021,
	author = {Silva, Ana},
	title = {Inclusão Digital e Ensino Remoto},
	journal = {Revista Brasileira de Educação Digital},
	year = {2021},
	volume = {15},
	number = {2},
	pages = {45--59}
}
